@misc{wyklad1,
  author       = {Fotyga, Grzegorz},
  howpublished = {Wykład},
  title        = {Układy Równań Liniowych},
  year         = {2024}
}

@misc{wyklad2,
  author       = {Fotyga, Grzegorz},
  howpublished = {Wykład},
  title        = {Układy Równań Liniowych - algorytmy iteracyjne},
  year         = {2023}
}

@misc{wyklad3,
  author       = {Xu, Zhiliang},
  howpublished = {Wykład},
  title        = {7.3 The Jacobi and Gauss-Seidel Iterative Methods},
}
