@misc{interpolacja_wielomianowa_wiki,
  author       = {Wikipedia},
  title        = {Interpolacja wielomianowa},
  url          = {https://pl.wikipedia.org/wiki/Interpolacja_wielomianowa}
}

@misc{wyklad5,
  author       = {Fotyga, Grzegorz},
  howpublished = {Wykład},
  title        = {Interpolacja},
  year         = {2024}
}

@misc{wezly_czebyszewa_wiki,
  author       = {Wikipedia},
  title        = {Węzły Czebyszewa},
  url          = {https://pl.wikipedia.org/wiki/W%C4%99z%C5%82y_Czebyszewa}
}
